@online{url:thesispage,
  title=      {Thesis webpage},
  author=     {Henning Håkonsen},
  url=        {henninghaakonsen.me}
}

@article{online:pop2300,
  title=      {World Population to 2300},
  author=     {DESA, UN},
  journal=    {United Nations Department of Economics and Social Affairs, New York, NY [available at www. un. org/esa/population/publications/longrange2/WorldPop2300final. pdf]},
  url =       {http://www.un.org/esa/population/publications/longrange2/WorldPop2300final.pdf},
  year=       {2004},
  note =      {(Accessed on 01/02/2017)},
}

@online{online:IoT2020,
  title =     {IoT Growth},
  url =       {http://www.cisco.com/c/en/us/about/security-center/secure-iot-proposed-framework.htm},
  author =    {Cisco},
  note =      {(Accessed on 01/02/2017)},
}

@online{online:epc,
author = {},
title = {The Evolved Packet Core},
url = {http://www.3gpp.org/technologies/keywords-acronyms/100-the-evolved-packet-core},
month = {},
year = {},
note = {(Accessed on 04/02/2017)},
}

@online{online:gsmTelenorNetcom,
  title =     {History of GSM},
  url =       {https://snl.no/GSM},
  author =    {Hansen, Thor},
  note =   {(Accessed on 19/01/2017)},
}

@online{online:petabitGoogle,
  title =     {Custom Google Data Center Network Pushes 1 Petabit Per Second},
  url =       {http://www.datacenterknowledge.com/archives/2015/06/18/custom-google-data-center-network-pushes-1-petabit-per-second/},
  author =    {Sverdlik, Yevgeniy},
  note =    {(Accessed on 19/01/2017)},
  date =      {2015-06-18},
}

@online{online:rohde,
  author = {},
  title = {1MA266\_0e\_NB\_IoT.pdf},
  url = {https://cdn.rohde-schwarz.com/pws/dl_downloads/dl_application/application_notes/1ma266/1MA266_0e_NB_IoT.pdf},
  note = {(Accessed on 03/26/2018)}
}

@online{online:legacyWire,
  title =     {LTE evolution for IoT connectivity},
  url =       {http://resources.alcatel-lucent.com/asset/200178},
  author =    {Nokia},
  note =   {(Accessed on 24/01/2017)},
}

@online{online:epc,
  title =     {LTE Network Infrastructure and Elements},
  url =       {https://sites.google.com/site/lteencyclopedia/lte-network-infrastructure-and-elements},
  author =    {lte},
  note =   {(Accessed on 25/01/2017)},
}

@online{online:lteTopology,
  title =     {EPC and components},
  url =       {http://www.rcrwireless.com/20140509/diameter-signaling-controller-dsc/lte-mme-epc#prettyPhoto/1/},
  author =    {Nokia},
  note =   {(Accessed on 25/01/2017)},
}

@online{online:lteIntroduction,
  title =     {LTE: AN INTRODUCTION},
  url =       {https://www.ericsson.com/res/docs/2011/lte_an_introduction.pdf},
  author =    {Ericsson},
  note =   {(Accessed on 14/01/2017)},
}

@unpublished{spoken:telenor,
  title =     {Meeting with Ola},
  note =      {(Held 24/01/2017)},
}

@online{online:lpwaFuture,
  title =     {Mobile internet of things
low Power wide Area Connectivity},
  url =       {http://www.gsma.com/connectedliving/wp-content/uploads/2016/03/Mobile-IoT-Low-Power-Wide-Area-Connectivity-GSMA-Industry-Paper.pdf},
  note =   {(Accessed on 10/02/2017)},
  author =    {GSMA}
}

@online{online:lyseAMS,
  title =     {Automatiske strømmålere},
  url =       {http://www.lysekonsern.no/prosjekter/automatiske-strommalere-article565-321.html},
  note =   {(Accessed on 10/02/2017)},
  author =    {Lyse},
}

@online{online:LoRa,
  title =     {A technical overview of LoRa® and LoRaWAN™},
  url =       {http://www.semtech.com/wireless-rf/iot/LoRaWAN101_final.pdf},
  note =   {(Accessed on 23/02/2017)},
  author =    {LoRa Allience}
}

@online{online:husholdningstatistikk,
  title =     {Statistikk over husholdninger},
  url =       {https://www.oslo.kommune.no/politikk-og-administrasjon/statistikk/befolkning/husholdninger/},
  note =      {(Accessed on 09/03/2017)},
  author =    {Oslo Kommune},
}

@online{online:ddosAttack,
  title =     {2016 Dyn cyberattack},
  url =       {https://en.wikipedia.org/wiki/2016_Dyn_cyberattack},
  note =   {(Accessed on 09/03/2017)},
  author =    {Wikipedia},
}

@online{online:edrxpsm,
  title =     {LTE eDRX and PSM Explained for LTE-M1},
  url =       {http://www.link-labs.com/blog/lte-e-drx-psm-explained-for-lte-m1},
  note =   {(Accessed on 17/03/2017)},
  author =    {LinkLabs},
}

@unpublished{person:ola,
  title =     {Ola Martin Lykkja},
}

@unpublished{email:telia,
  title =     {Email correspondance with Telia},
  url =      {https://github.com/henninghaakonsen/thesis/tree/master/references/Emails}
}

@unpublished{email:nack,
  title =     {NACK mail correspondance between Ola and Ublox},
  url =      {https://github.com/henninghaakonsen/thesis/tree/master/references/Emails}
}

@online{online:industryApplications,
  title =   {Smart Sensor Networks: Technologies and Applications for Green Growth},
  url =     {https://www.oecd.org/sti/ieconomy/44379113.pdf},
  date =    {2009-12},
  note = {(Accessed on 06/04/2017)},
  author =  {OECD},
}

@online{online:avgpeople,
  title =   {Oslo},
  url =     {https://no.wikipedia.org/wiki/Oslo},
  note = {(Accessed on 29/08/2017)},
}

@online{online:lstlistingSetup,
  title =   {Listing setup},
  url =     {https://github.com/xgirma/latex-javaScript/blob/master/main.tex},
  note = {(Accessed on 01/11/2017)},
}

@article{atcommand:ubloxchip,
  title =   {Ublox NB-IoT chip - AT commands manual},
  file =    {SARA-N2_ATCommands_(UBX-16014887 R09).pdf},
  url =    {https://github.com/henninghaakonsen/thesis/tree/master/references}
}

@article{datasheet:ubloxchip,
  title =   {Ublox NB-IoT chip},
  file =    {SARA-N2_DataSheet_(UBX-15025564).pdf},
  url =    {https://github.com/henninghaakonsen/thesis/tree/master/references}
}

@online{APrimero97:online,
author = {},
title = {A Primer on 3GPP Narrowband Internet of Things - IEEE Journals \& Magazine},
howpublished = {\url{https://ieeexplore.ieee.org/document/7876968/}},
month = {},
year = {},
note = {(Accessed on 02/19/2018)}
}

@online{Overview74:online,
author = {},
title = {Overview of 3GPP Release 14 Enhanced NB-IoT - IEEE Journals \& Magazine},
howpublished = {\url{https://ieeexplore.ieee.org/document/8120239/}},
month = {},
year = {},
note = {(Accessed on 02/19/2018)}
}

@misc{ASurveyo24:online,
author = {},
title = {A Survey of Traffic Issues in Machine-to-Machine Communications Over LTE - IEEE Journals \& Magazine},
howpublished = {\url{https://ieeexplore.ieee.org/document/7416135/}},
month = {},
year = {},
note = {(Accessed on 02/19/2018)}
}

@online{pcpng35052:online,
  author = {},
  title = {pc.png (350×280)},
  url = {https://www.reactos.org/images/pc.png},
  month = {},
  year = {},
  note = {(Accessed on 02/19/2018)}
}

@online{fluke88435:online,
  author = {},
  title = {fluke8846a-bench-multimeter-500x500.png (500×335)},
  url = {http://3.imimg.com/data3/AR/PU/MY-754870/fluke8846a-bench-multimeter-500x500.png},
  month = {},
  year = {},
  note = {(Accessed on 02/19/2018)}
}

@online{ingagrue31:online,
  author = {},
  title = {inga\_gruen.png (2400×1349)},
  url = {https://openclipart.org/image/2400px/svg_to_png/219943/inga_gruen.png},
  month = {},
  year = {},
  note = {(Accessed on 02/19/2018)}
}

@online{online:finnsenderen,
  title = {Finnsenderen},
  url = {https://finnsenderen.no},
  note = {(Accessed on 04/01/2018)}
}

@online{online:result0,
  title = {2 x 150, Q-Free Telia, weird behavior},
  url = {http://158.39.77.97:9000/#/results/Q-FREE_TELIA_5.02_precision_2018-03-13_1_0x0_150_2_100}
}

@online{online:result1,
  title = {2 x 150 UiO, Telia},
  url = {http://158.39.77.97:9000/#/results/UiO_TELIA_5.02_precision_2018-03-13_1_0x0_150_2_100}
}

@online{online:result2,
  title = {2 x 150 Q-FREE, Telenor},
  url = {http://158.39.77.97:9000/#/results/Q-FREE_TELENOR_2018-02-28_1_0x0_150_2_100}
}

@online{online:result3,
  title = {1 x 40 Q-FREE, Telenor - no device logging},
  url = {http://158.39.77.97:9000/#/results/Q-FREE_TELENOR_5.02_2018-03-07_0_0x0_40_1_200}
}

@online{online:result4,
  title = {1 x 40 Q-FREE, Telenor - device logging},
  url = {http://158.39.77.97:9000/#/results/Q-FREE_TELENOR_5.02_2018-03-07_1_0x0_40_1_200}
}

@online{online:result5,
  title = {1 x 60 UiO, Telia - ECL 0},
  url = {http://158.39.77.97:9000/#/results/UiO_TELIA_5.02_precision_2018-03-16_1_0x2_60_1_50}
}
@online{online:result6,
  title = {1 x 60 UiO, Telia - ECL 2},
  url = {http://158.39.77.97:9000/#/results/UiO_TELIA_5.02_precision_+30dBm_att_2018-03-16_1_0x2_60_1_50}
}

@online{online:result7,
  title = {Details - RAI unset},
  url = {http://158.39.77.97:9000/#/results/UiO_TELIA_long_term_2018-03-22_0x0_30_20}
}

@online{online:result8,
  title = {Details - RAI set},
  url = {http://158.39.77.97:9000/#/results/UiO_TELIA_long_term_2018-03-22_0x2_30_20}
}

@online{online:result9,
  title = {Telenor reboot},
  url = {http://158.39.77.97:9000/#/results/UiO_TELENOR_5.02_precision_reboot_2018-03-16_0_0x0_120_1_0}
}

@online{online:result10,
  title = {Telia reboot},
  url = {http://158.39.77.97:9000/#/results/UiO_TELIA_5.02_precision_reboot_2018-03-16_0_0x0_60_1_0}
}
@online{online:result11,
  title = {Power comparison},
  url = {http://158.39.77.97:9000/#/results/Q-FREE_TELENOR_SHORT_TEST_2018-02-28_0_0x2_5_1_100}
}
@online{online:result12,
  title = {Transmit with very good result},
  url = {http://158.39.77.97:9000/#/results/Q-FREE_TELENOR_5.02_precision_2018-03-07_0_0x2_60_1_200}
}
@online{webapp:powerexample,
  title = {Power example},
  url = {http://158.39.77.97:9000/#/results/UiO_TELIA_5.02_precision_2018-03-16_1_0x2_60_1_512}
}
@online{code:atcommand,
  author = {},
  title = {thesis/at\_command\_test.py at master · henninghaakonsen/thesis},
  url = {https://github.com/henninghaakonsen/thesis/blob/master/code/at_command_test.py},
  month = {},
  year = {},
  note = {(Accessed on 04/11/2018)}
}
@online{code:nbiotlabtest,
author = {},
title = {thesis/nbiot\_labtest.py at master · henninghaakonsen/thesis},
url = {https://github.com/henninghaakonsen/thesis/blob/master/code/nbiot_labtest.py},
month = {},
year = {},
note = {(Accessed on 04/11/2018)}
}
@online{code:nbiotdetails,
author = {},
title = {thesis/nbiot\_labtest\_details.py at master · henninghaakonsen/thesis},
url = {https://github.com/henninghaakonsen/thesis/blob/master/code/nbiot_labtest_details.py},
month = {},
year = {},
note = {(Accessed on 04/11/2018)}
}
@online{code:powercalc,
author = {},
title = {thesis/power\_calculator.py at master · henninghaakonsen/thesis},
url = {https://github.com/henninghaakonsen/thesis/blob/master/code/power_calculator.py},
month = {},
year = {},
note = {(Accessed on 04/11/2018)}
}

@online{npm:coap,
  author = {},
  title = {mcollina/node-coap: CoAP - Node.js style},
  url = {https://github.com/mcollina/node-coap},
  month = {},
  year = {},
  note = {(Accessed on 04/11/2018)}
}

@online{npm:express,
author = {},
title = {expressjs/express: Fast, unopinionated, minimalist web framework for node.},
url = {https://github.com/expressjs/express},
month = {},
year = {},
note = {(Accessed on 04/11/2018)}
}

@online{npm:cluster,
author = {},
title = {LearnBoost/cluster: Node.JS multi-core server manager with plugins support.},
url = {https://github.com/LearnBoost/cluster},
month = {},
year = {},
note = {(Accessed on 04/11/2018)}
}

@online{npm:webworkers,
author = {},
title = {audreyt/node-webworker-threads: Lightweight Web Worker API implementation with native threads},
url = {https://github.com/audreyt/node-webworker-threads},
month = {},
year = {},
note = {(Accessed on 04/11/2018)}
}

@online{npm:mongodb,
author = {},
title = {mongodb/node-mongodb-native: Mongo DB Native NodeJS Driver},
url = {https://github.com/mongodb/node-mongodb-native},
month = {},
year = {},
note = {(Accessed on 04/11/2018)}
}

@online{npm:moment,
author = {},
title = {moment/moment: Parse, validate, manipulate, and display dates in javascript.},
url = {https://github.com/moment/moment},
month = {},
year = {},
note = {(Accessed on 04/11/2018)}
}

@online{IEEEXplo82:online,
author = {},
title = {IEEE Xplore Full-Text PDF:},
url = {https://ieeexplore.ieee.org/stamp/stamp.jsp?tp=&arnumber=8301831},
month = {},
year = {},
note = {(Accessed on 04/24/2018)}
}

@online{EFCCENTC29:online,
author = {},
title = {EFC - CEN/TC 278 Intelligent Transport Systems (ITS)},
url = {http://www.itsstandards.eu/efc},
month = {},
year = {},
note = {(Accessed on 04/25/2018)}
}

@online{communication_prepost_nbiot,
  author = {},
  title = {Figures constituting the cost comparison figure},
  abstract = {(http://www.deepdrip.com/videos/, and https://icons8.com/icon/2343/motion-sensor, and https://www.cisco.com/c/en/us/products/routers/1000-series-integrated-services-routers-isr/index.html, and https://www.iconfinder.com/icons/618814/cell_phone_communication_connection_mobile_station_radio_equipment_radio_transmitter_wireless_icon)},
}
